@inproceedings{ trc:ars,
	author = "Luis Filipe Teofilo and Luis Paulo Reis and Henrique Lopes Cardoso",
	title = "Speeding-Up Poker Game Abstraction Computation: Average Rank Strength",
	booktitle = "Proceedings of the 27th Association for the Advancement of Artificial Intelligence Workshop",
	pages = "59--64",
	publisher = "Association for the Advancement of Artificial Intelligence",
	address = "Bellevue, Washington, USA",
	month = "July",
	year = "2013"
}

@inproceedings{ trc:hs,
	author = "Luis Filipe Teofilo and Luis Paulo Reis and Henrique Lopes Cardoso",
	title = "Computing Card Probabilities in Texas Hold’em",
	booktitle = "Proceedings of the 8th Iberian Conference on Information Systems and Technologies",
	pages = "988--993",
	publisher = "Canada Institute for Scientific and Technical Information",
	address = "Lisbon, Portugal",
	month = "June",
	year = "2013"
}

@book{ russell-norvig:modern,
  author = "Stuart J. Russell and Peter Norvig",
  title = "Artificial Intelligence: A Modern Approach",
  publisher = "Prentice Hall",
  year = "2014"
}

@book{ rupeneite:reinforcement,
  author = "Annija Rupeneite",
  title = "Building Poker Agent Using Reinforcement Learning with Neural Networks",
  publisher = "SCITEPRESS",
  year = "2010"
}

@inproceedings{ sqas:replay,
	author = "Tom Schaul and John Quan and Ioannis Antonoglou and David Silver",
	title = "Prioritized Experience Replay",
	booktitle = "Proceedings of the International Conference on Learning Representations 2016",
	pages = "1--21",
	publisher = "Canada Institute for Scientific and Technical Information",
	address = "San Juan, Puerto Rico",
	month = "May",
	year = "2016"
}

@inproceedings{ dinis-reis:modeling,
	author = "Felix Dinis and Luis Paulo Reis",
	title = "An Experimental Approach to Online Opponent Modeling in Texas Hold’em Poker",
	booktitle = "Advances in Artificial Intelligence",
	pages = "83--92",
	publisher = "Brazilian Symposium on Artificial Intelligence",
	address = "Savador, Brazil",
	month = "October",
	year = "2008"
}

